@misc{tidytext-archive,
  author       = {Julia Silge and
                  David Robinson and
                  Jim Hester},
  title        = {tidytext: Text mining using dplyr, ggplot2, and other tidy tools},
  month        = jun,
  year         = 2016,
  doi          = {10.5281/zenodo.56714},
  url          = {http://dx.doi.org/10.5281/zenodo.56714}
}

@article{tm,
  title = {Text Mining Infrastructure in R},
  author = {Ingo Feinerer, Kurt Hornik, and David Meyer},
  year = {2008},
  journal = {Journal of Statistical Software},
  volume = {25},
  number = {5},
  pages = {1-54},
  url = {http://www.jstatsoft.org/v25/i05/},
  }

@article{tidydata,
   author = {Hadley Wickham},
   title = {Tidy Data},
   journal = {Journal of Statistical Software},
   volume = {59},
   number = {1},
   year = {2014},
   keywords = {},
   issn = {1548-7660},
   pages = {1--23},
   doi = {10.18637/jss.v059.i10},
   url = {https://www.jstatsoft.org/index.php/jss/article/view/v059i10}
   }

@Manual{R-broom,
  title = {broom: Convert Statistical Analysis Objects into Tidy Data Frames},
  author = {David Robinson and Matthieu Gomez and Boris Demeshev and Dieter Menne and Benjamin Nutter and Luke Johnston and Ben Bolker and Francois Briatte and Hadley Wickham},
  year = {2015},
  note = {R package version 0.4.0},
  url = {https://CRAN.R-project.org/package=broom},
  }

@Manual{R-gutenbergr,
  title = {gutenbergr: Download and Process Public Domain Works from Project Gutenberg},
  author = {David Robinson},
  year = {2016},
  note = {R package version 0.1.2},
  url = {https://cran.rstudio.com/package=gutenbergr},
  }


@Manual{R-tokenizers,
    title = {tokenizers: A Consistent Interface to Tokenize Natural Language Text},
    author = {Lincoln Mullen},
    year = {2016},
    note = {R package version 0.1.3},
    url = {https://CRAN.R-project.org/package=tokenizers},
    }

@article{R-tidytext,
  doi = {10.21105/joss.00037},
  url = {http://dx.doi.org/10.21105/joss.00037},
  year  = {2016},
  month = {jul},
  publisher = {The Open Journal},
  volume = {1},
  number = {3},
  author = {Julia Silge and David Robinson},
  title = {tidytext: Text Mining and Analysis Using Tidy Data Principles in R},
  journal = {{JOSS}}
}

@Manual{R-dplyr,
    title = {dplyr: A Grammar of Data Manipulation},
    author = {Hadley Wickham and Romain Francois},
    year = {2016},
    note = {R package version 0.5.0},
    url = {https://CRAN.R-project.org/package=dplyr},
    }

@Manual{R-tidyr,
    title = {tidyr: Easily Tidy Data with `spread()` and `gather()` Functions},
    author = {Hadley Wickham},
    year = {2016},
    note = {R package version 0.6.0},
    url = {https://CRAN.R-project.org/package=tidyr},
    }

@Book{R-ggplot2,
    author = {Hadley Wickham},
    title = {ggplot2: Elegant Graphics for Data Analysis},
    publisher = {Springer-Verlag New York},
    year = {2009},
    isbn = {978-0-387-98140-6},
    url = {http://ggplot2.org},
    }

@Manual{R-quanteda,
    title = {quanteda: Quantitative Analysis of Textual Data},
    author = {Kenneth Benoit and Paul Nulty},
    year = {2016},
    note = {R package version 0.9.8},
    url = {https://CRAN.R-project.org/package=quanteda},
  }

@Manual{R-janeaustenr,
    title = {janeaustenr: Jane Austen's Complete Novels},
    author = {Julia Silge},
    year = {2016},
    note = {R package version 0.1.2},
    url = {https://CRAN.R-project.org/package=janeaustenr},
  }

@Article{R-reshape2,
    title = {Reshaping Data with the {reshape} Package},
    author = {Hadley Wickham},
    journal = {Journal of Statistical Software},
    year = {2007},
    volume = {21},
    number = {12},
    pages = {1--20},
    url = {http://www.jstatsoft.org/v21/i12/},
  }



@Book{xie2015,
  title = {Dynamic Documents with {R} and knitr},
  author = {Yihui Xie},
  publisher = {Chapman and Hall/CRC},
  address = {Boca Raton, Florida},
  year = {2015},
  edition = {2nd},
  note = {ISBN 978-1498716963},
  url = {http://yihui.name/knitr/},
}



@book{r4ds,
  Author = {Hadley Wickham and Garrett Grolemund},
  Title = {R for Data Science: Visualize, Model, Transform, Tidy, and Import Data},
  Publisher = {O'Reilly Media},
  Year = {2016},
  ISBN = {1491910399},
  URL = {https://www.amazon.com/Data-Science-Visualize-Model-Transform/dp/1491910399%3FSubscriptionId%3D0JYN1NVW651KCA56C102%26tag%3Dtechkie-20%26linkCode%3Dxm2%26camp%3D2025%26creative%3D165953%26creativeASIN%3D1491910399}
}


@article{grolemund2014cognitive,
  title={A cognitive interpretation of data analysis},
  author={Grolemund, Garrett and Wickham, Hadley},
  journal={International Statistical Review},
  volume={82},
  number={2},
  pages={184--204},
  year={2014},
  publisher={Wiley Online Library}
}

@book{oxford,
  Author = {},
  Title = {The Oxford Dictionary of Statistical Terms},
  Publisher = {Oxford University Press},
  Year = {2006},
  ISBN = {0199206139},
  URL = {https://www.amazon.com/Oxford-Dictionary-Statistical-Terms/dp/0199206139%3FSubscriptionId%3D0JYN1NVW651KCA56C102%26tag%3Dtechkie-20%26linkCode%3Dxm2%26camp%3D2025%26creative%3D165953%26creativeASIN%3D0199206139}
}



@InCollection{sep-statistics,
	author       =	{Romeijn, Jan-Willem},
	title        =	{Philosophy of Statistics},
	booktitle    =	{The Stanford Encyclopedia of Philosophy},
	editor       =	{Edward N. Zalta},
	howpublished =	{\url{http://plato.stanford.edu/archives/win2016/entries/statistics/}},
	year         =	{2016},
	edition      =	{Winter 2016},
}



@book{uncertainty,
  Author = {William M. Briggs},
  Title = {Uncertainty: The Soul of Modeling, Probability \& Statistics},
  Publisher = {Springer},
  Year = {2016},
  ISBN = {},
  URL = {https://www.amazon.com/Uncertainty-Soul-Modeling-Probability-Statistics-ebook/dp/B01JEJNUJK%3FSubscriptionId%3D0JYN1NVW651KCA56C102%26tag%3Dtechkie-20%26linkCode%3Dxm2%26camp%3D2025%26creative%3D165953%26creativeASIN%3DB01JEJNUJK}
}



@book{breaking,
  Author = {William M. Briggs},
  Title = {Breaking the Law of Averages: Real-Life Probability and Statistics in Plain English},
  Publisher = {Lulu.com},
  Year = {2008},
  ISBN = {0557019907},
  URL = {https://www.amazon.com/Breaking-Law-Averages-Probability-Statistics/dp/0557019907%3FSubscriptionId%3D0JYN1NVW651KCA56C102%26tag%3Dtechkie-20%26linkCode%3Dxm2%26camp%3D2025%26creative%3D165953%26creativeASIN%3D0557019907}
  }




@article{Gigerenzer2004,
  doi = {10.1016/j.socec.2004.09.033},
  url = {http://dx.doi.org/10.1016/j.socec.2004.09.033},
  year  = {2004},
  month = {nov},
  publisher = {Elsevier {BV}},
  volume = {33},
  number = {5},
  pages = {587--606},
  author = {Gerd Gigerenzer},
  title = {Mindless statistics},
  journal = {The Journal of Socio-Economics}
}



@article{Wagenmakers2007,
  doi = {10.3758/bf03194105},
  url = {http://dx.doi.org/10.3758/BF03194105},
  year  = {2007},
  month = {oct},
  publisher = {Springer Nature},
  volume = {14},
  number = {5},
  pages = {779--804},
  author = {Eric-Jan Wagenmakers},
  title = {A practical solution to the pervasive problems ofp values},
  journal = {Psychonomic Bulletin {\&} Review}
}


@article{Head2015,
  doi = {10.1371/journal.pbio.1002106},
  url = {http://dx.doi.org/10.1371/journal.pbio.1002106},
  year  = {2015},
  month = {mar},
  publisher = {Public Library of Science ({PLoS})},
  volume = {13},
  number = {3},
  pages = {e1002106},
  author = {Megan L. Head and Luke Holman and Rob Lanfear and Andrew T. Kahn and Michael D. Jennions},
  title = {The Extent and Consequences of P-Hacking in Science},
  journal = {{PLOS} Biology}
}



@article{Wicherts2016,
  doi = {10.3389/fpsyg.2016.01832},
  url = {http://dx.doi.org/10.3389/fpsyg.2016.01832},
  year  = {2016},
  month = {nov},
  publisher = {Frontiers Media {SA}},
  volume = {7},
  author = {Jelte M. Wicherts and Coosje L. S. Veldkamp and Hilde E. M. Augusteijn and Marjan Bakker and Robbie C. M. van Aert and Marcel A. L. M. van Assen},
  title = {Degrees of Freedom in Planning,  Running,  Analyzing,  and Reporting Psychological Studies: A Checklist to Avoid p-Hacking},
  journal = {Frontiers in Psychology}
}





 @book{kraemer2011wir,
  title={Wie wir uns von falschen Theorien t{\"a}uschen lassen},
  author={Kr{\"a}mer, W.},
  isbn={9783862800162},
  url={https://books.google.de/books?id=HWUKaAEACAAJ},
  year={2011},
  publisher={Berlin University Press}
}

@Book{xie2015,
  title = {Dynamic Documents with {R} and knitr},
  author = {Yihui Xie},
  publisher = {Chapman and Hall/CRC},
  address = {Boca Raton, Florida},
  year = {2015},
  edition = {2nd},
  note = {ISBN 978-1498716963},
  url = {http://yihui.name/knitr/},
}

@article{Gigerenzer2004,
  doi = {10.1016/j.socec.2004.09.033},
  url = {http://dx.doi.org/10.1016/j.socec.2004.09.033},
  year  = {2004},
  month = {nov},
  publisher = {Elsevier {BV}},
  volume = {33},
  number = {5},
  pages = {587--606},
  author = {Gerd Gigerenzer},
  title = {Mindless statistics},
  journal = {The Journal of Socio-Economics}
}



@Manual{readr,
    title = {readr: Read Tabular Data},
    author = {Hadley Wickham and Jim Hester and Romain Francois},
    year = {2016},
    note = {R package version 1.0.0},
    url = {https://CRAN.R-project.org/package=readr},
  }






  @Manual{rmarkdown,
    title = {rmarkdown: Dynamic Documents for R},
    author = {JJ Allaire and Joe Cheng and Yihui Xie and Jonathan McPherson and Winston Chang and Jeff Allen and Hadley Wickham and Aron Atkins and Rob Hyndman},
    year = {2016},
    note = {R package version 1.3},
    url = {https://CRAN.R-project.org/package=rmarkdown},
  }



  @article{Silge2016,
  doi = {10.21105/joss.00037},
  url = {https://doi.org/10.21105%2Fjoss.00037},
  year  = {2016},
  month = {jul},
  publisher = {The Open Journal},
  volume = {1},
  number = {3},
  author = {Julia Silge and David Robinson},
  title = {tidytext: Text Mining and Analysis Using Tidy Data Principles in R},
  journal = {The Journal of Open Source Software}
}



@INPROCEEDINGS{remquahey2010,
title = {SentiWS -- a Publicly Available German-language Resource for Sentiment Analysis},
booktitle = {Proceedings of the 7th International Language Resources and Evaluation (LREC'10)},
author = {Remus, R. and Quasthoff, U. and Heyer, G.},
year = {2010},
pages = {1168--1171}
}


@book{1930824130,
  Author = {Edward R. Tufte},
  Title = {The Visual Display of Quantitative Information},
  Publisher = {Graphics Press},
  Year = {2001},
  ISBN = {1930824130},
  URL = {https://www.amazon.com/Visual-Display-Quantitative-Information/dp/1930824130%3FSubscriptionId%3D0JYN1NVW651KCA56C102%26tag%3Dtechkie-20%26linkCode%3Dxm2%26camp%3D2025%26creative%3D165953%26creativeASIN%3D1930824130}
}



@book{1930824165,
  Author = {Edward R. Tufte},
  Title = {Beautiful Evidence},
  Publisher = {Graphics Press},
  Year = {2006},
  ISBN = {1930824165},
  URL = {https://www.amazon.com/Beautiful-Evidence-Edward-R-Tufte/dp/1930824165%3FSubscriptionId%3D0JYN1NVW651KCA56C102%26tag%3Dtechkie-20%26linkCode%3Dxm2%26camp%3D2025%26creative%3D165953%26creativeASIN%3D1930824165}
}



@book{1930824149,
  Author = {Edward R. Tufte},
  Title = {Envisioning Information},
  Publisher = {Graphics Press},
  Year = {1990},
  ISBN = {1930824149},
  URL = {https://www.amazon.com/Envisioning-Information-Edward-R-Tufte/dp/1930824149%3FSubscriptionId%3D0JYN1NVW651KCA56C102%26tag%3Dtechkie-20%26linkCode%3Dxm2%26camp%3D2025%26creative%3D165953%26creativeASIN%3D1930824149}
}


@book{Cleveland,
  Author = {William S. Cleveland},
  Title = {Visualizing Data},
  Publisher = {Hobart Press},
  Year = {1993},
  ISBN = {0963488406},
  URL = {https://www.amazon.com/Visualizing-Data-William-S-Cleveland/dp/0963488406%3FSubscriptionId%3D0JYN1NVW651KCA56C102%26tag%3Dtechkie-20%26linkCode%3Dxm2%26camp%3D2025%26creative%3D165953%26creativeASIN%3D0963488406}
}



@book{9783497008957,
  Author = {Gerd Gigerenzer},
  Title = {Messung und Modellbildung in der Psychologie (Uni-Taschenbucher. Psychologie, Padagogik, Soziologie, Psychiatrie) (German Edition)},
  Publisher = {E. Reinhardt},
  Year = {1980},
  ISBN = {3497008958},
  URL = {https://www.amazon.com/Modellbildung-Psychologie-Uni-Taschenbucher-Soziologie-Psychiatrie/dp/3497008958%3FSubscriptionId%3D0JYN1NVW651KCA56C102%26tag%3Dtechkie-20%26linkCode%3Dxm2%26camp%3D2025%26creative%3D165953%26creativeASIN%3D3497008958}
}



@book{tidytextminig,
  Author = {Julia, PhD Silge and David, PhD Robinson},
  Title = {Text Mining with R: A tidy approach},
  Publisher = {O'Reilly Media},
  Year = {2017},
  ISBN = {1491981652},
  URL = {https://www.amazon.com/Text-Mining-R-tidy-approach/dp/1491981652%3FSubscriptionId%3D0JYN1NVW651KCA56C102%26tag%3Dtechkie-20%26linkCode%3Dxm2%26camp%3D2025%26creative%3D165953%26creativeASIN%3D1491981652}
}


@Book{xie2015,
  title = {Dynamic Documents with {R} and knitr},
  author = {Yihui Xie},
  publisher = {Chapman and Hall/CRC},
  address = {Boca Raton, Florida},
  year = {2015},
  edition = {2nd},
  note = {ISBN 978-1498716963},
  url = {http://yihui.name/knitr/},
}

@article{Gigerenzer2004,
  doi = {10.1016/j.socec.2004.09.033},
  url = {http://dx.doi.org/10.1016/j.socec.2004.09.033},
  year  = {2004},
  month = {nov},
  publisher = {Elsevier {BV}},
  volume = {33},
  number = {5},
  pages = {587--606},
  author = {Gerd Gigerenzer},
  title = {Mindless statistics},
  journal = {The Journal of Socio-Economics}
}



@Manual{readr,
    title = {readr: Read Tabular Data},
    author = {Hadley Wickham and Jim Hester and Romain Francois},
    year = {2016},
    note = {R package version 1.0.0},
    url = {https://CRAN.R-project.org/package=readr},
  }





  @Manual{rmarkdown,
    title = {rmarkdown: Dynamic Documents for R},
    author = {JJ Allaire and Joe Cheng and Yihui Xie and Jonathan McPherson and Winston Chang and Jeff Allen and Hadley Wickham and Aron Atkins and Rob Hyndman},
    year = {2016},
    note = {R package version 1.3},
    url = {https://CRAN.R-project.org/package=rmarkdown},
  }


@misc{bryant1995practical,
  title={Practical Data Analysis: Case Studies in Business Statistics, Homewood, IL: Richard D},
  author={Bryant, PG and Smith, MA},
  year={1995},
  publisher={Irwin Publishing}
}



@article{hamermesh2005beauty,
  title={Beauty in the classroom: Instructors’ pulchritude and putative pedagogical productivity},
  author={Hamermesh, Daniel S and Parker, Amy},
  journal={Economics of Education Review},
  volume={24},
  number={4},
  pages={369--376},
  year={2005},
  publisher={Elsevier}
}



@book{zumel2014practical,
  title={Practical data science with R},
  author={Zumel, Nina and Mount, John and Porzak, Jim},
  year={2014},
  publisher={Manning}
}




@book{kuhn2013applied,
  title={Applied predictive modeling},
  author={Kuhn, Max and Johnson, Kjell},
  volume={26},
  year={2013},
  publisher={Springer}
}



@article{cortez2009modeling,
  title={Modeling wine preferences by data mining from physicochemical properties},
  author={Cortez, Paulo and Cerdeira, Ant{\'o}nio and Almeida, Fernando and Matos, Telmo and Reis, Jos{\'e}},
  journal={Decision Support Systems},
  volume={47},
  number={4},
  pages={547--553},
  year={2009},
  publisher={Elsevier}
}



@article{peng2015art,
  title={The Art of Data Science},
  author={Peng, Roger D and Matsui, Elizabeth},
  journal={A Guide for Anyone Who Works with Data. Skybrude Consulting},
  volume={200},
  pages={162},
  year={2015}
}


@misc{bryant1995practical,
  title={Datensatz "tips": Aus: Practical Data Analysis: Case Studies in Business Statistics, Homewood, IL: Richard D},
  author={Bryant, PG and Smith, MA},
  year={1995},
  publisher={Irwin Publishing}
}


@book{introstatlearning,
  title={An introduction to statistical learning},
  author={James, Gareth and Witten, Daniela and Hastie, Trevor and Tibshirani, Robert},
  volume={6},
  year={2013},
  publisher={Springer}
}


@article{grolemund2014cognitive,
  title={A cognitive interpretation of data analysis},
  author={Grolemund, Garrett and Wickham, Hadley},
  journal={International Statistical Review},
  volume={82},
  number={2},
  pages={184--204},
  year={2014},
  publisher={Wiley Online Library}
}


@article{cobb2007introductory,
  title={The introductory statistics course: a Ptolemaic curriculum?},
  author={Cobb, George W},
  journal={Technology Innovations in Statistics Education},
  volume={1},
  number={1},
  year={2007}
}


@article{wild1999statistical,
  title={Statistical thinking in empirical enquiry},
  author={Wild, Chris J and Pfannkuch, Maxine},
  journal={International Statistical Review},
  volume={67},
  number={3},
  pages={223--248},
  year={1999},
  publisher={Wiley Online Library}
}


@article{moore1990uncertainty,
  title={Uncertainty},
  author={Moore, David S},
  journal={On the shoulders of giants: New approaches to numeracy},
  pages={95--137},
  year={1990},
  publisher={ERIC}
}

  @misc{Sauer_2017,
  title={Dataset “predictors of performance in stats test”},
  url={osf.io/sjhuy},
  DOI={10.17605/OSF.IO/SJHUY},
  publisher={Open Science Framework},
  author={Sauer, Sebastian},
  year={2017},
  month={Jan}
}


 @misc{Sauer_2017a,
  title={Dataset “Height and shoe size”},
  url={osf.io/ja9dw},
  DOI={10.17605/OSF.IO/JA9DW},
  publisher={Open Science Framework},
  author={Sauer, Sebastian},
  year={2017},
  month={Feb}
}



@misc{nycflights13,
abstract = {On-time data for all flights that departed NYC (i.e. JFK, LGA or EWR) in 2013.},
author = {of transportation statistics RITA, Bureau},
title = {nycflights13},
url = {http://www.transtats.bts.gov/DL{\_}SelectFields.asp?Table{\_}ID=236},
year = {2013}
}

 @misc{Sauer_2016,
  title={Extraversion Dataset},
  url={osf.io/4kgzh},
  DOI={10.17605/OSF.IO/4KGZH},
  publisher={Open Science Framework},
  author={Sauer, Sebastian},
  year={2016},
  month={Nov}
}

@article{kim2015okcupid,
  title={OkCupid Data for Introductory Statistics and Data Science Courses},
  author={Kim, Albert Y and Escobedo-Land, Adriana},
  journal={Journal of Statistics Education},
  volume={23},
  number={2},
  pages={n2},
  year={2015},
  publisher={Citeseer}
}


@article{hardin2015data,
  title={Data science in statistics curricula: Preparing students to “Think with Data”},
  author={Hardin, Johanna and Hoerl, Roger and Horton, Nicholas J and Nolan, Deborah and Baumer, Ben and Hall-Holt, Olaf and Murrell, Paul and Peng, Roger and Roback, Paul and Temple Lang, D and others},
  journal={The American Statistician},
  volume={69},
  number={4},
  pages={343--353},
  year={2015},
  publisher={Taylor \& Francis}
}



@article{peirce1955abduction,
  title={Abduction and induction},
  author={Peirce, Charles S},
  journal={Philosophical writings of Peirce},
  volume={11},
  year={1955},
  publisher={New York}
}